% Introduccion
@misc{WebAuthentication,
  author       = {},
  title        = {A brief history of web \& authentication},
  url          = {https://medium.com/@tushar.vatsa/a-brief-history-of-web-authentication-8c1886d916fe},
}

% SSI
@misc{DefSSI,
  author       = {},
  year         = {2024},
  title        = {Identidad Auto Soberana (SSI)},
  url          = {https://extrimian.io/es/wikis/identidad-auto-soberana-ssi/},
}

@misc{DID-core,
  author       = {},
  year         = {2022},
  title        = {Decentralized Identifiers (DIDs) v1.0},
  url          = {https://www.w3.org/TR/did-core/},
}

@misc{VC-data-model,
  author       = {},
  year         = {2024},
  title        = {Verifiable Credentials Data Model v2.0},
  url          = {https://www.w3.org/TR/vc-data-model-2.0/},
}

@inproceedings{EvaluationFramework,
  author       = {Satybaldy, A. and Nowostawski, M. and Ellingsen, J.},
  title        = {Self-sovereign identity systems: Evaluation framework},
  booktitle    = {IFIP Advances in Information and Communication Technology},
  volume       = {576},
  pages        = {447--461},
  year         = {2020},
  doi          = {10.1007/978-3-030-42504-3_28}
}

@article{ThreatModeling,
  author       = {Grüner, A. and Mühle, A. and Lockenvitz, N. and others},
  title        = {Analyzing and comparing the security of self-sovereign identity management systems through threat modeling},
  journal      = {International Journal of Information Security},
  volume       = {22},
  pages        = {1231--1248},
  year         = {2023}
}

@ARTICLE{ChallengesSSI,
  author={Satybaldy, Abylay and Ferdous, Md. Sadek and Nowostawski, Mariusz},
  journal={IEEE Access}, 
  title={A Taxonomy of Challenges for Self-Sovereign Identity Systems}, 
  year={2024},
  volume={12},
  number={},
  pages={16151-16177},
  keywords={Systematics;Taxonomy;Search problems;Bibliographies;Protocols;Guidelines;Ecosystems;Digital systems;Online services;Identification of persons;User centered design;Self-sovereign identity;digital identity;taxonomy},
  doi={10.1109/ACCESS.2024.3357940}}


% Europa
@misc{ebsiVCF,
  author       = {},
  title        = {EBSI Verifiable Credentials Framework},
  url          = {https://ec.europa.eu/digital-building-blocks/sites/display/EBSI/EBSI+Verifiable+Credentials},
}

@misc{DigitalIdentityRegulation,
  author       = {},
  year         = {2024},
  title        = {Entry into Force of the Digital Identity Regulation},
  url          = {https://digital-strategy.ec.europa.eu/en/news/entry-force-digital-identity-regulation},
}

@misc{EUDigitalIdentityWalletArchitecture,
  author       = {},
  title        = {EU Digital Identity Wallet Architecture and Reference Framework},
  url          = {https://github.com/eu-digital-identity-wallet/eudi-doc-architecture-and-reference-framework/blob/main/docs/arf.md},
}

@misc{EuropeanDigitalIdentity,
  author       = {},
  title        = {European Digital Identity},
  url          = {https://commission.europa.eu/strategy-and-policy/priorities-2019-2024/europe-fit-digital-age/european-digital-identity_es},
}

@misc{SSIeIDAS,
  author       = {},
  title        = {SSI eIDAS Bridge},
  url          = {https://joinup.ec.europa.eu/collection/ssi-eidas-bridge/technical-deliverables},
}

@misc{w3c,
  author       = {},
  title        = {W3C VCs and VPs on EBSI},
  url          = {https://hub.ebsi.eu/vc-framework/w3c-vc-vp},
}


% Digital Twins
@misc{DT_NVIDIA,
  author       = {},
  title        = {What Is a Digital Twin?},
  year         = {2021},
  url          = {https://blogs.nvidia.com/blog/what-is-a-digital-twin/},
}

@misc{Earth_NVIDIA,
  author       = {},
  title        = {Earth-2 Platform for Climate Change Modeling},
  year         = {2024},
  url          = {https://www.nvidia.com/en-us/high-performance-computing/earth-2/},
}

@misc{IOTinSSI_DIDs,
  author       = {},
  title        = {Finding Your Thing On the Blockchain: IoT in the Age of Standardized Global Identifiers},
  year         = {2023},
  url          = {https://itntrust.medium.com/finding-your-thing-on-the-blockchain-iot-in-the-age-of-standardized-global-identifiers-2b76f53462ca},
}

@misc{IOTinSSI,
  author       = {},
  title        = {When Things Know What They Are: IoT in the Age of Self-Sovereign Identity},
  year         = {2022},
  url          = {https://itntrust.medium.com/when-things-know-what-they-are-iot-in-the-age-of-self-sovereign-identity-7446982489b9},
}

@ARTICLE{ThreatsDT,
  author={Alcaraz, Cristina and Lopez, Javier},
  journal={IEEE Communications Surveys \& Tutorials}, 
  title={Digital Twin: A Comprehensive Survey of Security Threats}, 
  year={2022},
  volume={24},
  number={3},
  pages={1475-1503},
  keywords={Tutorials;Production;Predictive models;Fourth Industrial Revolution;Digital twins;Security;Stakeholders;Digital twin;cybersecurity;industry 40},
  doi={10.1109/COMST.2022.3171465}}
